<?xml version="1.0"?>
<marc:records xmlns:marc="http://www.loc.gov/MARC21/slim" xmlns:xsi="http://www.w3.org/2001/XMLSchema-instance" xsi:schemaLocation="http://www.loc.gov/MARC21/slim http://www.loc.gov/standards/marcxml/schema/MARC21slim.xsd">
  <marc:record>
    <marc:leader>04779ctm a2200613Ia 4500</marc:leader>
    <marc:controlfield tag="001">9927049663503681</marc:controlfield>
    <marc:controlfield tag="005">20210929170141.0</marc:controlfield>
    <marc:controlfield tag="008">990520s1820    ii a          000 0 per d</marc:controlfield>
    <marc:datafield ind1=" " ind2=" " tag="035">
  <marc:subfield code="a">(OCoLC)63644080</marc:subfield>
</marc:datafield>
    <marc:datafield ind1=" " ind2=" " tag="035">
  <marc:subfield code="a">(OCoLC)ocm63644080 </marc:subfield>
</marc:datafield>
    <marc:datafield ind1=" " ind2=" " tag="040">
  <marc:subfield code="a">PAU</marc:subfield>
  <marc:subfield code="b">eng</marc:subfield>
  <marc:subfield code="c">PAU</marc:subfield>
  <marc:subfield code="d">OCLCF</marc:subfield>
  <marc:subfield code="d">OCLCO</marc:subfield>
  <marc:subfield code="d">OCLCQ</marc:subfield>
  <marc:subfield code="d">OCL</marc:subfield>
  <marc:subfield code="d">PAU</marc:subfield>
</marc:datafield>
    <marc:datafield ind1=" " ind2=" " tag="043">
  <marc:subfield code="a">a-ii---</marc:subfield>
</marc:datafield>
    <marc:datafield ind1=" " ind2="9" tag="099">
  <marc:subfield code="a">Ms. Coll. 525</marc:subfield>
</marc:datafield>
    <marc:datafield ind1="0" ind2=" " tag="100">
  <marc:subfield code="6">880-01</marc:subfield>
  <marc:subfield code="a">Ghula&#x304;m Yah&#x323;ya&#x301; ibn &#x2BB;Ima&#x304;d al-Di&#x304;n Lapkani&#x304;,</marc:subfield>
  <marc:subfield code="d">active 1820.</marc:subfield>
</marc:datafield>
    <marc:datafield ind1="1" ind2="0" tag="245">
  <marc:subfield code="6">880-02</marc:subfield>
  <marc:subfield code="a">Kita&#x304;b-i tas&#x323;a&#x304;vi&#x304;r-i shi&#x304;shah gara&#x304;n va ghayrah va baya&#x304;n-i a&#x304;la&#x304;t a&#x304;nha&#x304;.</marc:subfield>
</marc:datafield>
    <marc:datafield ind1="3" ind2="0" tag="246">
  <marc:subfield code="6">880-03</marc:subfield>
  <marc:subfield code="a">Tas&#x323;a&#x304;vi&#x304;r-i shi&#x304;shah gara&#x304;n va ghayrah</marc:subfield>
</marc:datafield>
    <marc:datafield ind1=" " ind2=" " tag="260">
  <marc:subfield code="a">[India],</marc:subfield>
  <marc:subfield code="c">approximately 1820.</marc:subfield>
</marc:datafield>
    <marc:datafield ind1=" " ind2=" " tag="300">
  <marc:subfield code="a">iii, 42, iii leaves :</marc:subfield>
  <marc:subfield code="b">paper, illustrations ; 209 x 152 (162 x 80) mm bound to 216 x 155 mm.</marc:subfield>
</marc:datafield>
    <marc:datafield ind1=" " ind2=" " tag="336">
  <marc:subfield code="a">text</marc:subfield>
  <marc:subfield code="b">txt</marc:subfield>
  <marc:subfield code="2">rdacontent</marc:subfield>
</marc:datafield>
    <marc:datafield ind1=" " ind2=" " tag="337">
  <marc:subfield code="a">unmediated</marc:subfield>
  <marc:subfield code="b">n</marc:subfield>
  <marc:subfield code="2">rdamedia</marc:subfield>
</marc:datafield>
    <marc:datafield ind1=" " ind2=" " tag="338">
  <marc:subfield code="a">volume</marc:subfield>
  <marc:subfield code="b">nc</marc:subfield>
  <marc:subfield code="2">rdacarrier</marc:subfield>
</marc:datafield>
    <marc:datafield ind1=" " ind2=" " tag="500">
  <marc:subfield code="a">Title from front cover.</marc:subfield>
</marc:datafield>
    <marc:datafield ind1=" " ind2=" " tag="500">
  <marc:subfield code="a">Foliation: Some contemporary foliation in ink, upper left recto. Modern foliation added in pencil, upper left recto excluding blank leaves inserted before paintings and drawings (1-36); references in the record are to the modern foliation.</marc:subfield>
</marc:datafield>
    <marc:datafield ind1=" " ind2=" " tag="500">
  <marc:subfield code="a">Layout: Chiefly 13 long lines; border-ruled.</marc:subfield>
</marc:datafield>
    <marc:datafield ind1=" " ind2=" " tag="500">
  <marc:subfield code="a">Script: Written in nasta&#x2BB;li&#x304;q with elements of shikastah in black ink; pointed.</marc:subfield>
</marc:datafield>
    <marc:datafield ind1=" " ind2=" " tag="500">
  <marc:subfield code="a">Decoration: Twelve drawings in black and red (f. 3r, 5r, 7r, 10r, 12r, 14r, 20r, 23r, 25r, 30r, 35r-35v); five color illustrations (f. 9r, 19r, 22r, 29r, 34r); textblock border ruled in red and black; rubrications in red.</marc:subfield>
</marc:datafield>
    <marc:datafield ind1=" " ind2=" " tag="500">
  <marc:subfield code="a">Binding: Bound in half covers with marbled paper sides and red leather corners and spine.</marc:subfield>
</marc:datafield>
    <marc:datafield ind1=" " ind2=" " tag="500">
  <marc:subfield code="a">Origin: Written on commission for Robert Glyn (f. 2r) in approximately 1820.</marc:subfield>
</marc:datafield>
    <marc:datafield ind1=" " ind2=" " tag="520">
  <marc:subfield code="a">Description of eleven trades and crafts practiced in Bareilly, India; illustrated with 12 pen and ink drawings of tools and with five colored illustrations of craftspeople. Commissioned by Robert Glyn who was magistrate and judge of the district of Bareilly from 1818-1823. Craftsmen and tradesmen include glass maker, crimper, gram parcher, weaver, pansa&#x304;ri (vendor, this includes a price list for merchandise), wire maker, gold and silver thread and lace maker, kaba&#x304;b maker (with recipes for making kaba&#x304;bs), and goldsmith.</marc:subfield>
</marc:datafield>
    <marc:datafield ind1=" " ind2=" " tag="524">
  <marc:subfield code="a">UPenn Ms. Coll. 525.</marc:subfield>
</marc:datafield>
    <marc:datafield ind1=" " ind2=" " tag="546">
  <marc:subfield code="a">Persian.</marc:subfield>
</marc:datafield>
    <marc:datafield ind1="1" ind2=" " tag="561">
  <marc:subfield code="a">Sold by Sam Fogg Ltd. (London), 1998.</marc:subfield>
</marc:datafield>
    <marc:datafield ind1=" " ind2=" " tag="581">
  <marc:subfield code="a">Yahiya&#x304;, G&#x332;h&#x332;ulam. Crafting traditions : documenting trades &amp; crafts in early 19th century North India. Edited, translated, and introduced by Mehr Afshan Farooqi, New Delhi : Indira Gandhi National Centre for the Arts : Aryan Books International, 2005.</marc:subfield>
</marc:datafield>
    <marc:datafield ind1=" " ind2="0" tag="650">
  <marc:subfield code="a">Artisans</marc:subfield>
  <marc:subfield code="z">India</marc:subfield>
  <marc:subfield code="z">Bareilly (District).</marc:subfield>
</marc:datafield>
    <marc:datafield ind1=" " ind2="0" tag="650">
  <marc:subfield code="a">Tools</marc:subfield>
  <marc:subfield code="z">India</marc:subfield>
  <marc:subfield code="z">Bareilly (District).</marc:subfield>
</marc:datafield>
    <marc:datafield ind1=" " ind2="0" tag="651">
  <marc:subfield code="a">Oudh (India)</marc:subfield>
  <marc:subfield code="x">Social conditions.</marc:subfield>
</marc:datafield>
    <marc:datafield ind1=" " ind2="0" tag="655">
  <marc:subfield code="a">Manuscripts, Persian.</marc:subfield>
</marc:datafield>
    <marc:datafield ind1=" " ind2="0" tag="655">
  <marc:subfield code="a">Manuscripts, 19th century.</marc:subfield>
</marc:datafield>
    <marc:datafield ind1=" " ind2="7" tag="655">
  <marc:subfield code="a">Codices (bound manuscripts)</marc:subfield>
  <marc:subfield code="2">aat</marc:subfield>
</marc:datafield>
    <marc:datafield ind1=" " ind2="7" tag="655">
  <marc:subfield code="a">Drawings.</marc:subfield>
  <marc:subfield code="2">aat</marc:subfield>
</marc:datafield>
    <marc:datafield ind1=" " ind2="7" tag="655">
  <marc:subfield code="a">Miniatures (paintings)</marc:subfield>
  <marc:subfield code="2">aat</marc:subfield>
</marc:datafield>
    <marc:datafield ind1=" " ind2="7" tag="655">
  <marc:subfield code="a">Manuscripts (documents)</marc:subfield>
  <marc:subfield code="2">aat</marc:subfield>
</marc:datafield>
    <marc:datafield ind1=" " ind2="7" tag="655">
  <marc:subfield code="a">Recipes.</marc:subfield>
  <marc:subfield code="2">aat</marc:subfield>
</marc:datafield>
    <marc:datafield ind1="1" ind2=" " tag="700">
  <marc:subfield code="a">Glyn, Robert,</marc:subfield>
  <marc:subfield code="d">active 1818-1825,</marc:subfield>
  <marc:subfield code="e">patron.</marc:subfield>
</marc:datafield>
    <marc:datafield ind1=" " ind2=" " tag="852">
  <marc:subfield code="b">Kislak Center for Special Collections, Rare Books and Manuscripts,</marc:subfield>
  <marc:subfield code="a">University of Pennsylvania,</marc:subfield>
  <marc:subfield code="e">Philadelphia, Pennsylvania 19104-6206.</marc:subfield>
  <marc:subfield code="j">Ms. Coll. 525</marc:subfield>
</marc:datafield>
    <marc:datafield ind1="4" ind2="1" tag="856">
  <marc:subfield code="z">Digital facsimile for download (OPenn)</marc:subfield>
  <marc:subfield code="u">http://openn.library.upenn.edu/Data/0002/html/mscoll525.html</marc:subfield>
</marc:datafield>
    <marc:datafield ind1="4" ind2="1" tag="856">
  <marc:subfield code="z">Digital facsimile for browsing (Colenda)</marc:subfield>
  <marc:subfield code="u">https://colenda.library.upenn.edu/catalog/81431-p3222rc60</marc:subfield>
</marc:datafield>
    <marc:datafield ind1="4" ind2="2" tag="856">
  <marc:subfield code="3">Online translation with commentary</marc:subfield>
  <marc:subfield code="u">https://repository.upenn.edu/kislakcollectionmaterials/4/</marc:subfield>
</marc:datafield>
    <marc:datafield ind1="0" ind2=" " tag="880">
  <marc:subfield code="6">100-01//r</marc:subfield>
  <marc:subfield code="a">&#x63A;&#x644;&#x627;&#x645; &#x64A;&#x62D;&#x64A;&#x649; &#x628;&#x646; &#x639;&#x645;&#x627;&#x62F; &#x627;&#x644;&#x62F;&#x64A;&#x646; &#x644;&#x67E;&#x6A9;&#x646;&#x649;&#x60C;</marc:subfield>
  <marc:subfield code="d">active 1820.</marc:subfield>
</marc:datafield>
    <marc:datafield ind1="1" ind2="0" tag="880">
  <marc:subfield code="6">245-02//r</marc:subfield>
  <marc:subfield code="a">&#x6A9;&#x62A;&#x627;&#x628; &#x62A;&#x635;&#x627;&#x648;&#x64A;&#x631; &#x634;&#x64A;&#x634;&#x647;&#x200C; &#x6AF;&#x631;&#x627;&#x646; &#x648; &#x63A;&#x64A;&#x631;&#x647; &#x648; &#x628;&#x64A;&#x627;&#x646; &#x622;&#x644;&#x627;&#x62A; &#x622;&#x646;&#x647;&#x627;.</marc:subfield>
</marc:datafield>
    <marc:datafield ind1="3" ind2="0" tag="880">
  <marc:subfield code="6">246-03//r</marc:subfield>
  <marc:subfield code="a">&#x62A;&#x635;&#x627;&#x648;&#x64A;&#x631; &#x634;&#x64A;&#x634;&#x647;&#x200C; &#x6AF;&#x631;&#x627;&#x646; &#x648; &#x63A;&#x64A;&#x631;&#x647;</marc:subfield>
</marc:datafield>
    <marc:datafield ind1=" " ind2=" " tag="950">
  <marc:subfield code="l">PAUR</marc:subfield>
  <marc:subfield code="i">08/17/04 C</marc:subfield>
</marc:datafield>
    <marc:datafield ind1=" " ind2=" " tag="996">
  <marc:subfield code="a">hinge-right</marc:subfield>
</marc:datafield>
    <marc:datafield ind1=" " ind2=" " tag="998">
  <marc:subfield code="a">08/17/04</marc:subfield>
  <marc:subfield code="t">d</marc:subfield>
  <marc:subfield code="s">9554</marc:subfield>
  <marc:subfield code="l">PAUR</marc:subfield>
  <marc:subfield code="n">PU-Sp</marc:subfield>
  <marc:subfield code="w">PAUR99A186</marc:subfield>
  <marc:subfield code="d">05/20/99</marc:subfield>
</marc:datafield>
    <marc:holdings>
      <marc:holding>
        <marc:holding_id>22348518760003681</marc:holding_id>
        <marc:call_number>Ms. Coll. 525</marc:call_number>
        <marc:library>KislakCntr</marc:library>
        <marc:location>scmss</marc:location>
      </marc:holding>
    </marc:holdings>
  </marc:record>
</marc:records>
